@book{Ahuja93,
 author = {Ahuja, Ravindra K. and Magnanti, Thomas L. and Orlin, James B.},
 title = {Network Flows: Theory, Algorithms, and Applications},
 year = {1993},
 isbn = {0-13-617549-X},
 publisher = {Prentice-Hall, Inc.},
 address = {Upper Saddle River, NJ, USA},
} 
